@inproceedings{fischer2012introduction,
  title={An introduction to restricted Boltzmann machines},
  author={Fischer, Asja and Igel, Christian},
  booktitle={Iberoamerican congress on pattern recognition},
  pages={14--36},
  year={2012},
  organization={Springer}
}

@incollection{hinton2012practical,
  title={A practical guide to training restricted Boltzmann machines},
  author={Hinton, Geoffrey E},
  booktitle={Neural networks: Tricks of the trade},
  pages={599--619},
  year={2012},
  publisher={Springer}
}